@MISC{pruning_web,
    HOWPUBLISHED = "\url{https://jacobgil.github.io/deeplearning/pruning-deep-learning}",
    AUTHOR = "Jacob Gildenblat",
    TITLE = "Pruning deep neural networks to make them fast and small",
    YEAR = "2016"
}
@MISC{understanding,
    HOWPUBLISHED = "\url{https://deepmind.com/blog/understanding-deep-learning-through-neuron-deletion/}",
    AUTHOR = "Ari Morcos and David Barrett",
    TITLE = "Understanding deep learning through neuron deletion",
    MONTH = "Mar",
    YEAR = "2018"
}
@MISC{pruning_arxiv,
    HOWPUBLISHED = "\url{https://arxiv.org/pdf/1611.06440.pdf}",
    AUTHOR = "Pavlo Molchanov and Stephen Tyree and Tero Karras and Timo Aila and Jan Kautz",
    TITLE = "Pruning convolutional neural networks for resource efficient iference",
    MONTH = "Nov",
    YEAR = "2016"
}
@misc{pascal-voc-2012,
    author = "Everingham, M. and Van~Gool, L. and Williams, C. K. I. and Winn, J. and Zisserman, A.",
    title = "The {PASCAL} {V}isual {O}bject {C}lasses {C}hallenge 2012 {(VOC2012)}",
    howpublished = "\url{http://host.robots.ox.ac.uk/pascal/VOC/voc2012/}"
}
@MISC{adam,
    HOWPUBLISHED = "\url{https://arxiv.org/pdf/1412.6980.pdf}",
    AUTHOR = "Diederik P. Kingma and Jimmy Ba",
    TITLE = "Adam: A Method for Stochastic Optimization",
    MONTH = "Dec",
    YEAR = "2014"
}